<?xml version="1.0" encoding="UTF-8"?><collection xmlns="http://www.loc.gov/MARC21/slim"><record><leader>00376nam--2200133-i-4500</leader><controlfield tag="001">000027395</controlfield><controlfield tag="002">20161230</controlfield><controlfield tag="005">20161230201036</controlfield><controlfield tag="008">060222s1000------------r-----000-0-eng-d</controlfield><datafield ind1=" " ind2=" " tag="080"><subfield code="a">681.324</subfield></datafield><datafield ind1=" " ind2=" " tag="245"><subfield code="a">An introduction to microcomputers. vol.0. the beginner`s book</subfield></datafield><datafield ind1=" " ind2=" " tag="260"><subfield code="a">Berkeley, Osborne &amp; Associates Inc., 1977, Xv + /Pag.Dif.</subfield></datafield><datafield ind1=" " ind2=" " tag="700"><subfield code="a">Osborme Adam</subfield></datafield><datafield ind1=" " ind2=" " tag="852"><subfield code="a">46709</subfield></datafield></record></collection>